@article{Wolberg90,
    author = {Wolberg, W. H. and Mangasarian, O. L.},
    citeulike-article-id = {764209},
    journal = {Proceedings of the National Academy of Sciences,U.S.A.},
    keywords = {classification},
    pages = {9193--9196},
    posted-at = {2006-07-19 10:55:27},
    priority = {2},
    title = {{Multisurface Method of Pattern Separation for Medical Diagnosis Applied to Breast Cytology}},
    volume = {87},
    year = {1990}
}

