@inproceedings{o2004participatory,
  title={Participatory task modelling: users and developers modelling users' tasks and domains},
  author={O'Neill, Eamonn and Johnson, Peter},
  booktitle={Proceedings of the 3rd annual conference on Task models and diagrams},
  pages={67--74},
  year={2004},
  organization={ACM}
}

@misc{Balsamiq,
 title = {Balsamiq. Rapid, effective and fun wireframing software. | Balsamiq},
 url = {https://balsamiq.com/},
 lastchecked = {11.08.2015}
}

@article{muller1993taxonomy,
  title={Taxonomy of PD practices: A brief practitioner's guide},
  author={Muller, Michael J. and Wildman, Daniel M. and White, Ellen A.},
  journal={Commun. ACM},
  volume={36},
  number={6},
  pages={26--28},
  year={1993}
}

@article{williams1993translation,
  title={Translation between software designers and users},
  author={Williams, Marian G and Begg, Vivienne},
  journal={Communications of the ACM},
  volume={36},
  number={6},
  pages={102--103},
  year={1993},
  publisher={ACM}
}

@misc{balsamiqMockups,
 title = {Balsamiq Mockups},
 url = {https://balsamiq.com/products/mockups/},
 lastchecked = {11.08.2015}
}

@article{keungparticipatory,
  title={PARTICIPATORY TASK MODELLING FOR BUILDING SECONDARY CARE RESEARCH REGISTRIES},
  author={Keung, SN Lim Choi and Ogunsina, I and Langford, G and Rossiter, J and Tyler, E and Arvanitis, TN}
}

@misc{mimbcdUILoFiPrototypes,
 title = {MIMBCD-UI GitHub Repository Lo-Fi Prototypes},
 url = {https://github.com/MIMBCD-UI/master-project/tree/master/prototypes/low-fi},
 lastchecked = {12.08.2015}
}

@misc{wikiCAD,
 title = {Computer-aided diagnosis},
 url = {https://en.wikipedia.org/wiki/Computer-aided_diagnosis},
 lastchecked = {12.08.2015}
}

@misc{wikiPACS,
 title = {Picture archiving and communication system},
 url = {https://en.wikipedia.org/wiki/Picture_archiving_and_communication_system},
 lastchecked = {12.08.2015}
}

@misc{wikiDICOM,
 title = {Digital Imaging and Communications in Medicine (DICOM)},
 url = {https://en.wikipedia.org/wiki/DICOM},
 lastchecked = {12.08.2015}
}

@misc{isr,
 title = {ISR},
 url = {http://welcome.isr.tecnico.ulisboa.pt/},
 lastchecked = {12.08.2015}
}

@misc{inescid,
 title = {INESC-ID},
 url = {http://www.inesc-id.pt/},
 lastchecked = {12.08.2015}
}

@misc{ist,
 title = {IST},
 url = {https://tecnico.ulisboa.pt/en/},
 lastchecked = {12.08.2015}
}

@misc{ul,
 title = {Universidade de Lisboa},
 url = {http://www.ulisboa.pt/en/},
 lastchecked = {12.08.2015}
}
